-------------- BOOKS --------------

@book{3D_Audio,
    editor = "Justin Patterson and Hyunkook Lee",    
    title = "3D Audio",
    year = "2021",
    publisher = "Routledge",
}

@book{Eye_Tracking_Methodology,
    author = {Duchowski, Andrew T.},
    title = {Eye Tracking Methodology: Theory and Practice},
    year = {2017},
    publisher = {Springer Publishing Company, Incorporated},
}

@book{Sonification_Handbook,
    author	= {Hermann, Thomas and Hunt, Andy and Neuhoff, John G},
    title = {The Sonification Handbook},
    year	= {2011},	
    publisher	= {Logos Verlag Berlin},
}

@book{Ambisonics,
    author = {Franz Zotter, Matthias Frank},
    title = {Ambisonics: A Practical 3D Audio Theory for Recording, Studio Production, Sound Reinforcement, and Virtual Reality},
    year = {2019},
    publisher = {Springer International Publishing},
}

@book{Immersive_Sound,
    editor = {Agnieszka Roginska, Paul Geluso},
    title = {Immersive sound : the art and science of binaural and multi-channel audio},
    year = {},
    publisher = {},
}

@book{On_Sonic_Arts,
    author = {Wishart, Trevor and Emmerson, Simon},
    title = {On sonic art},
    year = {1996},
    publisher = {Harwood Academic Publishers},
}

@book{Room_Acoustics,
    title={Room Acoustics},
    author={Heinrich Kuttruff},
    year={2016},
    publisher={CRC Press}
}

-------------- ARTICLES ---------------

@article{RIR_Reconstruction,
    author = {Mirco Pezzoli, Davide Perini, Alberto Bernardini, Federico Borra, Fabio Antonacci, Augusto Sarti},
    journal = {Sensors},
    volume = {22},
    title = {Deep Prior Approach for Room Impulse Response Reconstruction},
    year = {2022}
}

@article{3D_Audio_Sensory_Awareness,
    author = {Sadia Sadia, Claus-Christian Carbon},
    journal = {Behavioral Sciences},
    volume = {13},
    title = {Looking for the Edge of the World: How 3D Immersive Audio Produces a Shift from an Internalised Inner Voice to Unsymbolised Affect-Driven Ways of Thinking and Heightened Sensory Awareness},
    year = {2023}
}

@article{Spatial_Audio_Production,
    author = {Daniel Turner, Damian Murphy, Chris Pike, Chris Baume},
    journal = {The Soundtrack},
    volume = {13},
    title = {Spatial audio production for immersive media experiences: Perspectives on practice-led approaches to designing immersive audio content},
    year = {2021}
}

------------- THESIS --------------

@mastersthesis{The_Effect_of_Spatial_Audio,
    author = {Jacob J. Larsen, Marc Pilgaard},
    school = {Aalborg University},
    title = {The Effect of Spatial Audio on Immersion, Presence, and Physiological Response in Games},
    year = {2015}
}